@article{auto_hatespeech,
  author    = {Thomas Davidson and
               Dana Warmsley and
               Michael W. Macy and
               Ingmar Weber},
  title     = {Automated Hate Speech Detection and the Problem of Offensive Language},
  journal   = {CoRR},
  volume    = {abs/1703.04009},
  year      = {2017},
  url       = {http://arxiv.org/abs/1703.04009},
  eprinttype = {arXiv},
  eprint    = {1703.04009},
  timestamp = {Mon, 13 Aug 2018 16:47:34 +0200},
  biburl    = {https://dblp.org/rec/journals/corr/DavidsonWMW17.bib},
  bibsource = {dblp computer science bibliography, https://dblp.org}
}

@article{BERT_Transferlearning_Hate,
  author    = {Marzieh Mozafari and
               Reza Farahbakhsh and
               No{\"{e}}l Crespi},
  title     = {A BERT-Based Transfer Learning Approach for Hate Speech Detection
               in Online Social Media},
  journal   = {CoRR},
  volume    = {abs/1910.12574},
  year      = {2019},
  url       = {http://arxiv.org/abs/1910.12574},
  eprinttype = {arXiv},
  eprint    = {1910.12574},
  timestamp = {Thu, 31 Oct 2019 14:02:26 +0100},
  biburl    = {https://dblp.org/rec/journals/corr/abs-1910-12574.bib},
  bibsource = {dblp computer science bibliography, https://dblp.org}
}


@article{Attention_is_all_you_need,
  author    = {Ashish Vaswani and
               Noam Shazeer and
               Niki Parmar and
               Jakob Uszkoreit and
               Llion Jones and
               Aidan N. Gomez and
               Lukasz Kaiser and
               Illia Polosukhin},
  title     = {Attention Is All You Need},
  journal   = {CoRR},
  volume    = {abs/1706.03762},
  year      = {2017},
  url       = {http://arxiv.org/abs/1706.03762},
  eprinttype = {arXiv},
  eprint    = {1706.03762},
  timestamp = {Sat, 23 Jan 2021 01:20:40 +0100},
  biburl    = {https://dblp.org/rec/journals/corr/VaswaniSPUJGKP17.bib},
  bibsource = {dblp computer science bibliography, https://dblp.org}
}

@article{BERT,
  author    = {Jacob Devlin and
               Ming{-}Wei Chang and
               Kenton Lee and
               Kristina Toutanova},
  title     = {{BERT:} Pre-training of Deep Bidirectional Transformers for Language
               Understanding},
  journal   = {CoRR},
  volume    = {abs/1810.04805},
  year      = {2018},
  url       = {http://arxiv.org/abs/1810.04805},
  eprinttype = {arXiv},
  eprint    = {1810.04805},
  timestamp = {Tue, 30 Oct 2018 20:39:56 +0100},
  biburl    = {https://dblp.org/rec/journals/corr/abs-1810-04805.bib},
  bibsource = {dblp computer science bibliography, https://dblp.org}
}

@article{HateXplain,
  author    = {Binny Mathew and
               Punyajoy Saha and
               Seid Muhie Yimam and
               Chris Biemann and
               Pawan Goyal and
               Animesh Mukherjee},
  title     = {HateXplain: {A} Benchmark Dataset for Explainable Hate Speech Detection},
  journal   = {CoRR},
  volume    = {abs/2012.10289},
  year      = {2020},
  url       = {https://arxiv.org/abs/2012.10289},
  eprinttype = {arXiv},
  eprint    = {2012.10289},
  timestamp = {Thu, 24 Jun 2021 13:18:19 +0200},
  biburl    = {https://dblp.org/rec/journals/corr/abs-2012-10289.bib},
  bibsource = {dblp computer science bibliography, https://dblp.org}
}
